2390 3111
509 136 648 170 hortans
669 141 744 167 eum
767 128 808 165 ad
839 126 1092 175 poenitentiam,
1127 127 1182 169 ὅτ,
1215 124 1253 162 ni
1291 125 1474 173 resipiscat,
1507 125 1738 163 imminentem
1778 128 1848 173 ejus
1887 128 1987 175 capiti
2029 129 2097 167 Dei
2131 133 2207 171 vin.

511 223 632 256 dietam
664 220 829 256 minitans.
855 218 1027 254 Continuo
1055 217 1166 252 animo
1190 215 1399 252 excandescit
1420 216 1552 251 adulter
1575 219 1606 251 ὅτ
1620 216 1758 253 ultrices
1780 229 1898 253 manus
1917 218 2052 254 Praesuli
2071 219 2206 265 injicere

511 311 676 357 Sacrilege
703 310 880 355 proponit,
905 318 1049 354 eumque
1073 306 1107 341 in
1132 308 1233 341 finem
1253 306 1306 352 spe
1331 306 1481 351 pecunia:
1514 305 1729 351 adipiscendae
1763 307 1813 342 sui
1843 307 1974 342 sceleris
2009 308 2136 345 socium
2164 323 2206 347 ex

511 399 666 444 operariis
695 398 852 434 adsciscit.
893 397 929 431 hi
951 396 1031 431 dum
1057 395 1116 431 suo
1138 395 1229 441 operi
1263 394 1357 429 sunul
1387 395 1529 437 instant,
1564 395 1693 430 eminus
1720 396 1830 435 virum
1860 397 1928 431 Dei
1947 398 2176 435 ambulantem
2193 407 2209 442 ,“

510 491 541 521 ὅῑ
564 487 676 522 secum
701 486 979 522 Psalmodiantem
998 484 1205 530 conspiciunt
1221 509 1230 526 ,
1256 487 1287 518 ὅτ
1308 495 1378 519 non
1392 483 1527 519 reveriti
1541 493 1600 519 aut
1618 485 1687 529 ejus
1707 485 1902 530 dignitatem
1920 495 1978 521 aut
1998 488 2066 531 ejus
2081 487 2207 524 Sancti-

509 584 614 611 tatem
651 575 842 616 trucidant,
881 573 1065 620 corpusque
1101 573 1137 608 in
1179 576 1302 608 flumen
1342 572 1492 608 vicinnm
1529 573 1744 618 projiciunt3
1777 573 1890 608 noluit
1937 583 2051 608 autem
2087 578 2204 616 Deus,

500 665 637 700 ,crimen
669 663 874 709 Sacrilegum
903 662 1073 709 ignorari3
1104 663 1209 696 noctu
1236 661 1326 696 enim
1363 661 1579 707 piscatoribus
1617 662 1705 697 circa
1742 662 1877 708 negotia
1913 660 1970 697 sua
2010 662 2206 707 occupatis,

509 752 570 786 lux
609 752 772 792 coelestis,
803 752 864 786 ubi
901 762 1019 795 corpus
1049 750 1301 785 sacratissimum
1339 749 1579 791 delitescebat,
1615 749 1731 785 locum
1771 750 1923 795 aperuit,
1959 750 2018 796 qui
2050 753 2205 787 accersito

509 843 622 875 Adone
649 840 773 875 comite
811 840 906 885 aquis
928 840 1115 874 extractum
1140 838 1277 872 honeste
1298 837 1522 883 sepelierunt:
1546 849 1691 884 cumque
1716 839 1827 873 Sancti
1851 839 1949 882 hujus
1968 839 2127 874 memoria
2147 850 2203 884 per

506 929 785 964 Normannorum
807 927 1009 962 incursiones
1032 928 1164 961 duobus
1180 927 1249 970 jam
1268 926 1395 962 saeculis
1411 929 1482 971 post
1501 926 1604 960 sanc'ti
1627 926 1791 970 Martyris
1811 935 1954 961 mortem
1967 950 1978 967 ,
2005 930 2094 971 quast
2127 928 2205 962 effet

505 1016 704 1056 obscurata,
733 1014 854 1059 partim
877 1013 974 1048 novis
1002 1012 1195 1054 miraculis,
1221 1013 1342 1058 partim
1374 1012 1492 1058 infigni
1537 1016 1677 1059 Notgeri
1715 1013 1949 1050 Leodienfium
1982 1014 2133 1060 Episcopi
2171 1020 2203 1051 διε

505 1102 802 1148 Mechlinienfium
821 1102 962 1138 Domini
975 1101 1165 1147 temporalis
1186 1101 1285 1146 zelo,
1310 1101 1489 1147 praesertim
1511 1102 1593 1136 vero
1614 1113 1655 1137 ex
1668 1101 1867 1147 transpositis
1881 1100 1985 1138 Anno
2003 1106 2086 1145 1369
2107 1104 2125 1138 ὲ
2145 1115 2202 1138 ve·-

504 1191 569 1225 teri
592 1190 777 1236 Cypreffina
798 1189 904 1236 Capsa
923 1190 959 1225 in
987 1190 1240 1236 pretiosissimam
1259 1202 1318 1235 per
1342 1191 1384 1224 V
1383 1191 1736 1235 illamMaclzliniensem
1763 1203 1802 1224 ex
1831 1194 1886 1235 pto
1909 1203 1978 1226 νοιο
2006 1193 2202 1234 construbYam

505 1278 603 1316 sacris
645 1280 714 1326 ejus
740 1278 910 1326 Reliquiis
937 1280 1099 1318 refloruit.

1161 1370 1215 1404 Ex
1237 1369 1451 1413 leeodorico‚
1474 1371 1597 1405 Imraeo
1610 1393 1621 1412 ,
1646 1371 1803 1412 Molano,
1826 1369 2018 1414 Domynfio,
2042 1369 2102 1405 &a
2126 1370 2186 1408 6³⁹0,
