<?xml version="1.0" encoding="UTF-8"?>
<!DOCTYPE html PUBLIC "-//W3C//DTD XHTML 1.0 Transitional//EN"
    "http://www.w3.org/TR/xhtml1/DTD/xhtml1-transitional.dtd">
<html xmlns="http://www.w3.org/1999/xhtml" xml:lang="en" lang="en">
 <head>
  <title>
</title>
<meta http-equiv="Content-Type" content="text/html;charset=utf-8" />
  <meta name='ocr-system' content='tesseract 3.04.00' />
  <meta name='ocr-capabilities' content='ocr_page ocr_carea ocr_par ocr_line ocrx_word'/>
</head>
<body>
  <div class='ocr_page' id='page_1' title='image "./praeltreynverryk00camp/praeltreynverryk00camp_0011.png"; bbox 0 0 2390 3111; ppageno 0'>
   <div class='ocr_carea' id='block_1_1' title="bbox 231 122 1939 528">
    <p class='ocr_par' dir='ltr' id='par_1_1' title="bbox 231 122 1939 528">
     <span class='ocr_line' id='line_1_1' title="bbox 276 122 1936 174; baseline -0.004 -5"><span class='ocrx_word' id='word_1_1' title='bbox 276 135 364 174; x_wconf 80' lang='lat' dir='ltr'>Erat</span> <span class='ocrx_word' id='word_1_2' title='bbox 383 131 440 168; x_wconf 84' lang='lat' dir='ltr'>hic</span> <span class='ocrx_word' id='word_1_3' title='bbox 464 131 562 167; x_wconf 82' lang='lat' dir='ltr'>locus</span> <span class='ocrx_word' id='word_1_4' title='bbox 588 127 663 164; x_wconf 68' lang='lat' dir='ltr'>tum</span> <span class='ocrx_word' id='word_1_5' title='bbox 687 126 798 162; x_wconf 79' lang='lat' dir='ltr'>vastus</span> <span class='ocrx_word' id='word_1_6' title='bbox 823 127 857 160; x_wconf 70' lang='grc' dir='ltr'>ὅτ</span> <span class='ocrx_word' id='word_1_7' title='bbox 875 123 1025 160; x_wconf 84' lang='lat' dir='ltr'>incultus</span> <span class='ocrx_word' id='word_1_8' title='bbox 1047 149 1056 166; x_wconf 89' lang='lat'><strong>,</strong></span> <span class='ocrx_word' id='word_1_9' title='bbox 1084 123 1278 169; x_wconf 67' lang='lat' dir='ltr'>vepribus,</span> <span class='ocrx_word' id='word_1_10' title='bbox 1309 122 1458 159; x_wconf 81' lang='lat' dir='ltr'>sentibus</span> <span class='ocrx_word' id='word_1_11' title='bbox 1487 126 1519 160; x_wconf 69' lang='grc' dir='ltr'>ει</span> <span class='ocrx_word' id='word_1_12' title='bbox 1547 125 1722 162; x_wconf 74' lang='lat' dir='ltr'>arboribus</span> <span class='ocrx_word' id='word_1_13' title='bbox 1760 127 1936 164; x_wconf 78' lang='lat' dir='ltr'>luxurians</span> 
     </span>
     <span class='ocr_line' id='line_1_2' title="bbox 232 212 1939 284; baseline -0.007 -26"><span class='ocrx_word' id='word_1_14' title='bbox 232 234 274 261; x_wconf 73' lang='lat' dir='ltr'>ac</span> <span class='ocrx_word' id='word_1_15' title='bbox 305 231 431 284; x_wconf 58' lang='lat' dir='ltr'>yagum</span> <span class='ocrx_word' id='word_1_16' title='bbox 453 217 602 254; x_wconf 83' lang='lat' dir='ltr'>ferarum</span> <span class='ocrx_word' id='word_1_17' title='bbox 626 213 854 250; x_wconf 84' lang='lat' dir='ltr'>domicilium:</span> <span class='ocrx_word' id='word_1_18' title='bbox 889 213 956 247; x_wconf 89' lang='lat' dir='ltr'>huc</span> <span class='ocrx_word' id='word_1_19' title='bbox 983 221 1023 248; x_wconf 89' lang='lat' dir='ltr'>ut</span> <span class='ocrx_word' id='word_1_20' title='bbox 1046 212 1182 247; x_wconf 83' lang='lat' dir='ltr'>advenit</span> <span class='ocrx_word' id='word_1_21' title='bbox 1206 213 1401 255; x_wconf 80' lang='lat' dir='ltr'>Rumoldus,</span> <span class='ocrx_word' id='word_1_22' title='bbox 1428 213 1589 260; x_wconf 83' lang='lat' dir='ltr'>populum</span> <span class='ocrx_word' id='word_1_23' title='bbox 1606 215 1727 260; x_wconf 86' lang='lat' dir='ltr'>reperit</span> <span class='ocrx_word' id='word_1_24' title='bbox 1760 215 1796 250; x_wconf 87' lang='lat' dir='ltr'>in</span> <span class='ocrx_word' id='word_1_25' title='bbox 1821 218 1939 252; x_wconf 67' lang='lat' dir='ltr'>mediis</span> 
     </span>
     <span class='ocr_line' id='line_1_3' title="bbox 231 301 1939 349; baseline -0.011 -3"><span class='ocrx_word' id='word_1_26' title='bbox 231 307 437 349; x_wconf 79' lang='lat' dir='ltr'>Ethnicismi</span> <span class='ocrx_word' id='word_1_27' title='bbox 460 304 606 348; x_wconf 83' lang='lat' dir='ltr'>tenebris</span> <span class='ocrx_word' id='word_1_28' title='bbox 633 302 863 337; x_wconf 81' lang='lat' dir='ltr'>ambulantem</span> <span class='ocrx_word' id='word_1_29' title='bbox 878 325 888 343; x_wconf 89' lang='lat'><strong><em>‚</em></strong></span> <span class='ocrx_word' id='word_1_30' title='bbox 924 304 1056 348; x_wconf 76' lang='lat' dir='ltr'>Sacram</span> <span class='ocrx_word' id='word_1_31' title='bbox 1092 301 1110 336; x_wconf 74' lang='lat' dir='ltr'>a</span> <span class='ocrx_word' id='word_1_32' title='bbox 1136 302 1229 337; x_wconf 83' lang='lat' dir='ltr'>Divo</span> <span class='ocrx_word' id='word_1_33' title='bbox 1254 303 1420 336; x_wconf 72' lang='lat' dir='ltr'>Lamberto</span> <span class='ocrx_word' id='word_1_34' title='bbox 1442 305 1473 337; x_wconf 83' lang='lat'>&amp;</span> <span class='ocrx_word' id='word_1_35' title='bbox 1505 302 1577 339; x_wconf 84' lang='lat' dir='ltr'>aliis</span> <span class='ocrx_word' id='word_1_36' title='bbox 1600 303 1751 348; x_wconf 73' lang='lat' dir='ltr'>plurimis</span> <span class='ocrx_word' id='word_1_37' title='bbox 1782 305 1939 341; x_wconf 86' lang='lat' dir='ltr'>traditam</span> 
     </span>
     <span class='ocr_line' id='line_1_4' title="bbox 237 389 1935 437; baseline -0.008 5"><span class='ocrx_word' id='word_1_38' title='bbox 237 397 423 435; x_wconf 67' lang='lat' dir='ltr'>dOfflinam</span> <span class='ocrx_word' id='word_1_39' title='bbox 444 393 515 429; x_wconf 57' lang='lat' dir='ltr'>fer&amp;</span> <span class='ocrx_word' id='word_1_40' title='bbox 542 391 708 432; x_wconf 85' lang='lat' dir='ltr'>oblitum,</span> <span class='ocrx_word' id='word_1_41' title='bbox 737 390 899 437; x_wconf 83' lang='lat' dir='ltr'>Deosque</span> <span class='ocrx_word' id='word_1_42' title='bbox 933 389 1010 426; x_wconf 91' lang='lat' dir='ltr'>suos</span> <span class='ocrx_word' id='word_1_43' title='bbox 1040 391 1076 425; x_wconf 89' lang='lat' dir='ltr'>in</span> <span class='ocrx_word' id='word_1_44' title='bbox 1099 390 1251 436; x_wconf 83' lang='lat' dir='ltr'>tripudiis</span> <span class='ocrx_word' id='word_1_45' title='bbox 1279 393 1311 425; x_wconf 68' lang='grc' dir='ltr'>ἐζ</span> <span class='ocrx_word' id='word_1_46' title='bbox 1341 391 1633 426; x_wconf 86' lang='lat' dir='ltr'>comeffationibus</span> <span class='ocrx_word' id='word_1_47' title='bbox 1680 392 1935 428; x_wconf 73' lang='lat' dir='ltr'><strong>celebrantem:</strong></span> 
     </span>
     <span class='ocr_line' id='line_1_5' title="bbox 235 478 1938 528; baseline -0.008 -4"><span class='ocrx_word' id='word_1_48' title='bbox 235 488 315 524; x_wconf 81' lang='lat' dir='ltr'>hinc</span> <span class='ocrx_word' id='word_1_49' title='bbox 339 483 438 528; x_wconf 86' lang='lat' dir='ltr'>coepit</span> <span class='ocrx_word' id='word_1_50' title='bbox 455 493 527 518; x_wconf 89' lang='lat' dir='ltr'>non</span> <span class='ocrx_word' id='word_1_51' title='bbox 552 480 676 526; x_wconf 81' lang='lat' dir='ltr'>exiguo</span> <span class='ocrx_word' id='word_1_52' title='bbox 690 480 799 515; x_wconf 85' lang='lat' dir='ltr'>cordis</span> <span class='ocrx_word' id='word_1_53' title='bbox 818 479 937 515; x_wconf 89' lang='lat' dir='ltr'>dolore</span> <span class='ocrx_word' id='word_1_54' title='bbox 961 479 1064 526; x_wconf 84' lang='lat' dir='ltr'>pungi</span> <span class='ocrx_word' id='word_1_55' title='bbox 1085 480 1152 515; x_wconf 85' lang='lat' dir='ltr'>Vir</span> <span class='ocrx_word' id='word_1_56' title='bbox 1172 479 1290 525; x_wconf 86' lang='lat' dir='ltr'>plenus</span> <span class='ocrx_word' id='word_1_57' title='bbox 1303 478 1419 524; x_wconf 87' lang='lat' dir='ltr'>spiritu</span> <span class='ocrx_word' id='word_1_58' title='bbox 1452 483 1572 517; x_wconf 64' lang='lat' dir='ltr'>saneto</span> <span class='ocrx_word' id='word_1_59' title='bbox 1589 505 1599 523; x_wconf 93' lang='lat'>‚</span> <span class='ocrx_word' id='word_1_60' title='bbox 1617 481 1869 528; x_wconf 82' lang='lat' dir='ltr'>·continuoque</span> <span class='ocrx_word' id='word_1_61' title='bbox 1895 483 1938 516; x_wconf 69' lang='lat' dir='ltr'>ad</span> 
     </span>
    </p>
   </div>
   <div class='ocr_carea' id='block_1_2' title="bbox 235 568 1288 620">
    <p class='ocr_par' dir='ltr' id='par_1_2' title="bbox 235 568 1288 620">
     <span class='ocr_line' id='line_1_6' title="bbox 235 568 1288 620; baseline -0.008 -10"><span class='ocrx_word' id='word_1_62' title='bbox 235 574 332 620; x_wconf 82' lang='lat' dir='ltr'>unius</span> <span class='ocrx_word' id='word_1_63' title='bbox 353 571 419 608; x_wconf 88' lang='lat' dir='ltr'>Dei</span> <span class='ocrx_word' id='word_1_64' title='bbox 446 569 678 615; x_wconf 81' lang='lat' dir='ltr'>cognitionem</span> <span class='ocrx_word' id='word_1_65' title='bbox 697 572 729 604; x_wconf 71' lang='grc' dir='ltr'>ὅτ</span> <span class='ocrx_word' id='word_1_66' title='bbox 755 569 887 605; x_wconf 90' lang='lat' dir='ltr'>cultum</span> <span class='ocrx_word' id='word_1_67' title='bbox 910 568 1071 615; x_wconf 85' lang='lat' dir='ltr'>populum</span> <span class='ocrx_word' id='word_1_68' title='bbox 1106 568 1288 603; x_wconf 82' lang='lat' dir='ltr'>exhortari.</span> 
     </span>
    </p>
   </div>
   <div class='ocr_carea' id='block_1_3' title="bbox 231 702 1947 1193">
    <p class='ocr_par' dir='ltr' id='par_1_3' title="bbox 231 702 1947 1193">
     <span class='ocr_line' id='line_1_7' title="bbox 278 702 1939 752; baseline 0.001 -12"><span class='ocrx_word' id='word_1_69' title='bbox 278 703 484 741; x_wconf 82' lang='lat' dir='ltr'>comitatum</span> <span class='ocrx_word' id='word_1_70' title='bbox 508 703 646 749; x_wconf 83' lang='lat' dir='ltr'><strong>gerebat</strong></span> <span class='ocrx_word' id='word_1_71' title='bbox 675 713 715 738; x_wconf 91' lang='lat' dir='ltr'>ea</span> <span class='ocrx_word' id='word_1_72' title='bbox 743 705 936 749; x_wconf 84' lang='lat' dir='ltr'>tempestate</span> <span class='ocrx_word' id='word_1_73' title='bbox 968 706 1044 738; x_wconf 84' lang='lat' dir='ltr'>Ado</span> <span class='ocrx_word' id='word_1_74' title='bbox 1067 702 1203 749; x_wconf 86' lang='lat' dir='ltr'>quidam</span> <span class='ocrx_word' id='word_1_75' title='bbox 1224 702 1361 738; x_wconf 87' lang='lat' dir='ltr'>nomine</span> <span class='ocrx_word' id='word_1_76' title='bbox 1376 727 1386 745; x_wconf 87' lang='lat'><strong>,</strong></span> <span class='ocrx_word' id='word_1_77' title='bbox 1421 703 1474 738; x_wconf 87' lang='lat' dir='ltr'>vir</span> <span class='ocrx_word' id='word_1_78' title='bbox 1492 702 1601 738; x_wconf 88' lang='lat' dir='ltr'>nobili</span> <span class='ocrx_word' id='word_1_79' title='bbox 1625 703 1720 750; x_wconf 90' lang='lat' dir='ltr'>stirpe</span> <span class='ocrx_word' id='word_1_80' title='bbox 1745 715 1823 739; x_wconf 89' lang='lat' dir='ltr'>cum</span> <span class='ocrx_word' id='word_1_81' title='bbox 1844 707 1939 752; x_wconf 65' lang='lat' dir='ltr'>aeque</span> 
     </span>
     <span class='ocr_line' id='line_1_8' title="bbox 236 790 1947 838; baseline -0.002 -9"><span class='ocrx_word' id='word_1_82' title='bbox 236 793 381 832; x_wconf 85' lang='lat' dir='ltr'>moribus</span> <span class='ocrx_word' id='word_1_83' title='bbox 403 795 435 827; x_wconf 70' lang='lat'>81</span> <span class='ocrx_word' id='word_1_84' title='bbox 458 802 583 838; x_wconf 81' lang='lat' dir='ltr'>genere</span> <span class='ocrx_word' id='word_1_85' title='bbox 604 791 714 827; x_wconf 86' lang='lat' dir='ltr'>nobili</span> <span class='ocrx_word' id='word_1_86' title='bbox 743 793 918 838; x_wconf 81' lang='lat' dir='ltr'>Conjuge3</span> <span class='ocrx_word' id='word_1_87' title='bbox 942 792 979 827; x_wconf 89' lang='lat' dir='ltr'>hi</span> <span class='ocrx_word' id='word_1_88' title='bbox 998 791 1092 826; x_wconf 73' lang='lat' dir='ltr'>simul</span> <span class='ocrx_word' id='word_1_89' title='bbox 1116 802 1153 827; x_wconf 85' lang='lat' dir='ltr'>ac</span> <span class='ocrx_word' id='word_1_90' title='bbox 1177 790 1287 827; x_wconf 67' lang='lat' dir='ltr'>Sancti</span> <span class='ocrx_word' id='word_1_91' title='bbox 1307 791 1458 827; x_wconf 81' lang='lat' dir='ltr'>Praesulis</span> <span class='ocrx_word' id='word_1_92' title='bbox 1485 794 1668 828; x_wconf 86' lang='lat' dir='ltr'>adventurn</span> <span class='ocrx_word' id='word_1_93' title='bbox 1694 792 1911 828; x_wconf 89' lang='lat' dir='ltr'>inaudierunt</span> <span class='ocrx_word' id='word_1_94' title='bbox 1927 819 1947 836; x_wconf 23' lang='lat'>‚⁷</span> 
     </span>
     <span class='ocr_line' id='line_1_9' title="bbox 233 879 1940 927; baseline 0.001 -12"><span class='ocrx_word' id='word_1_95' title='bbox 233 880 456 920; x_wconf 71' lang='lat' dir='ltr'>,Abrahamiea</span> <span class='ocrx_word' id='word_1_96' title='bbox 481 879 721 926; x_wconf 87' lang='lat' dir='ltr'>Hospitalitate</span> <span class='ocrx_word' id='word_1_97' title='bbox 747 893 826 916; x_wconf 88' lang='lat' dir='ltr'>eum</span> <span class='ocrx_word' id='word_1_98' title='bbox 846 881 1018 927; x_wconf 80' lang='lat' dir='ltr'>excipiunt</span> <span class='ocrx_word' id='word_1_99' title='bbox 1032 906 1041 923; x_wconf 89' lang='lat'><strong>,</strong></span> <span class='ocrx_word' id='word_1_100' title='bbox 1064 881 1150 926; x_wconf 79' lang='lat' dir='ltr'>apud</span> <span class='ocrx_word' id='word_1_101' title='bbox 1165 891 1251 926; x_wconf 88' lang='lat' dir='ltr'>quos</span> <span class='ocrx_word' id='word_1_102' title='bbox 1269 892 1376 926; x_wconf 88' lang='lat' dir='ltr'>pauco</span> <span class='ocrx_word' id='word_1_103' title='bbox 1400 882 1575 915; x_wconf 80' lang='lat' dir='ltr'>dumtaxat</span> <span class='ocrx_word' id='word_1_104' title='bbox 1606 889 1755 926; x_wconf 90' lang='lat' dir='ltr'>tempore</span> <span class='ocrx_word' id='word_1_105' title='bbox 1790 893 1940 917; x_wconf 86' lang='lat' dir='ltr'>commo-</span> 
     </span>
     <span class='ocr_line' id='line_1_10' title="bbox 231 944 1938 1016; baseline 0.001 -12"><span class='ocrx_word' id='word_1_106' title='bbox 231 977 321 1004; x_wconf 81' lang='lat' dir='ltr'>ratus</span> <span class='ocrx_word' id='word_1_107' title='bbox 342 993 352 1011; x_wconf 90' lang='lat'>,</span> <span class='ocrx_word' id='word_1_108' title='bbox 398 981 476 1005; x_wconf 84' lang='lat' dir='ltr'>curn</span> <span class='ocrx_word' id='word_1_109' title='bbox 506 968 632 1004; x_wconf 86' lang='lat' dir='ltr'>steriles</span> <span class='ocrx_word' id='word_1_110' title='bbox 662 971 766 1004; x_wconf 79' lang='lat' dir='ltr'><strong>essent</strong></span> <span class='ocrx_word' id='word_1_111' title='bbox 792 972 823 1004; x_wconf 71' lang='grc' dir='ltr'>ὅτ</span> <span class='ocrx_word' id='word_1_112' title='bbox 860 978 958 1005; x_wconf 87' lang='lat' dir='ltr'>aetate</span> <span class='ocrx_word' id='word_1_113' title='bbox 977 969 1202 1016; x_wconf 70' lang='lat' dir='ltr'>provectiores</span> <span class='ocrx_word' id='word_1_114' title='bbox 1216 994 1226 1010; x_wconf 86' lang='lat'>‚</span> <span class='ocrx_word' id='word_1_115' title='bbox 1249 968 1506 1004; x_wconf 80' lang='lat' dir='ltr'>foecunditatem</span> <span class='ocrx_word' id='word_1_116' title='bbox 1526 969 1596 1014; x_wconf 83' lang='lat' dir='ltr'>ipfis</span> <span class='ocrx_word' id='word_1_117' title='bbox 1622 969 1690 1005; x_wconf 88' lang='lat' dir='ltr'>Dei</span> <span class='ocrx_word' id='word_1_118' title='bbox 1712 970 1850 1005; x_wconf 87' lang='lat' dir='ltr'>nomine</span> <span class='ocrx_word' id='word_1_119' title='bbox 1865 944 1938 1016; x_wconf 82' lang='lat' dir='ltr'>pol-</span> 
     </span>
     <span class='ocr_line' id='line_1_11' title="bbox 231 1055 1936 1104; baseline 0 -12"><span class='ocrx_word' id='word_1_120' title='bbox 231 1055 362 1092; x_wconf 81' lang='lat' dir='ltr'>licetur.</span> <span class='ocrx_word' id='word_1_121' title='bbox 386 1057 504 1094; x_wconf 88' lang='lat' dir='ltr'>Fidem</span> <span class='ocrx_word' id='word_1_122' title='bbox 516 1059 856 1103; x_wconf 78' lang='lat' dir='ltr'>praebentparentes,</span> <span class='ocrx_word' id='word_1_123' title='bbox 883 1058 968 1092; x_wconf 87' lang='lat' dir='ltr'>certi</span> <span class='ocrx_word' id='word_1_124' title='bbox 990 1057 1124 1092; x_wconf 73' lang='lat' dir='ltr'>facilius</span> <span class='ocrx_word' id='word_1_125' title='bbox 1153 1066 1309 1091; x_wconf 84' lang='lat' dir='ltr'>naturam</span> <span class='ocrx_word' id='word_1_126' title='bbox 1335 1059 1422 1102; x_wconf 81' lang='lat' dir='ltr'>poffe</span> <span class='ocrx_word' id='word_1_127' title='bbox 1455 1057 1546 1092; x_wconf 87' lang='lat' dir='ltr'>vinci</span> <span class='ocrx_word' id='word_1_128' title='bbox 1566 1083 1576 1099; x_wconf 89' lang='lat'><em>‚</em></span> <span class='ocrx_word' id='word_1_129' title='bbox 1613 1069 1716 1104; x_wconf 90' lang='lat' dir='ltr'>quam</span> <span class='ocrx_word' id='word_1_130' title='bbox 1750 1061 1936 1093; x_wconf 79' lang='lat' dir='ltr'>Rumoldum</span> 
     </span>
     <span class='ocr_line' id='line_1_12' title="bbox 232 1144 1936 1193; baseline 0 -12"><span class='ocrx_word' id='word_1_131' title='bbox 232 1145 365 1193; x_wconf 84' lang='lat' dir='ltr'>mentiri</span> <span class='ocrx_word' id='word_1_132' title='bbox 379 1171 389 1188; x_wconf 89' lang='lat'>‚</span> <span class='ocrx_word' id='word_1_133' title='bbox 416 1149 447 1181; x_wconf 68' lang='grc' dir='ltr'>ὅτ</span> <span class='ocrx_word' id='word_1_134' title='bbox 457 1145 555 1190; x_wconf 72' lang='lat' dir='ltr'>juxta</span> <span class='ocrx_word' id='word_1_135' title='bbox 570 1155 699 1191; x_wconf 85' lang='lat' dir='ltr'>tempus</span> <span class='ocrx_word' id='word_1_136' title='bbox 716 1146 910 1192; x_wconf 60' lang='lat' dir='ltr'>praedictum</span> <span class='ocrx_word' id='word_1_137' title='bbox 931 1146 1020 1180; x_wconf 87' lang='lat' dir='ltr'>filius</span> <span class='ocrx_word' id='word_1_138' title='bbox 1033 1144 1179 1181; x_wconf 85' lang='lat' dir='ltr'>nascitur</span> <span class='ocrx_word' id='word_1_139' title='bbox 1191 1149 1222 1181; x_wconf 65' lang='lat'>81</span> <span class='ocrx_word' id='word_1_140' title='bbox 1235 1145 1371 1180; x_wconf 86' lang='lat' dir='ltr'>salutari</span> <span class='ocrx_word' id='word_1_141' title='bbox 1385 1144 1592 1192; x_wconf 80' lang='lat' dir='ltr'>Baptifinatis</span> <span class='ocrx_word' id='word_1_142' title='bbox 1606 1145 1742 1181; x_wconf 84' lang='lat' dir='ltr'>lavacro</span> <span class='ocrx_word' id='word_1_143' title='bbox 1760 1147 1911 1182; x_wconf 84' lang='lat' dir='ltr'>abluitur</span> <span class='ocrx_word' id='word_1_144' title='bbox 1925 1171 1936 1189; x_wconf 85' lang='lat'><strong>,</strong></span> 
     </span>
    </p>
   </div>
   <div class='ocr_carea' id='block_1_4' title="bbox 230 1235 698 1283">
    <p class='ocr_par' dir='ltr' id='par_1_4' title="bbox 230 1235 698 1283">
     <span class='ocr_line' id='line_1_13' title="bbox 230 1235 698 1283; baseline 0 -15"><span class='ocrx_word' id='word_1_145' title='bbox 230 1235 350 1283; x_wconf 62' lang='lat' dir='ltr'>Liberti</span> <span class='ocrx_word' id='word_1_146' title='bbox 377 1235 512 1270; x_wconf 80' lang='lat' dir='ltr'>nomine</span> <span class='ocrx_word' id='word_1_147' title='bbox 538 1235 698 1281; x_wconf 72' lang='lat' dir='ltr'>imposito.</span> 
     </span>
    </p>
   </div>
   <div class='ocr_carea' id='block_1_5' title="bbox 190 1365 1937 2117">
    <p class='ocr_par' dir='ltr' id='par_1_5' title="bbox 190 1365 1937 2117">
     <span class='ocr_line' id='line_1_14' title="bbox 271 1365 1937 1416; baseline 0 -13"><span class='ocrx_word' id='word_1_148' title='bbox 271 1365 390 1403; x_wconf 86' lang='lat' dir='ltr'>Crevit</span> <span class='ocrx_word' id='word_1_149' title='bbox 418 1366 608 1403; x_wconf 73' lang='lat' dir='ltr'>hicdulcis</span> <span class='ocrx_word' id='word_1_150' title='bbox 639 1371 728 1414; x_wconf 79' lang='lat' dir='ltr'>pufio</span> <span class='ocrx_word' id='word_1_151' title='bbox 754 1368 813 1404; x_wconf 89' lang='lat' dir='ltr'>sub</span> <span class='ocrx_word' id='word_1_152' title='bbox 835 1368 881 1415; x_wconf 85' lang='lat' dir='ltr'>pii</span> <span class='ocrx_word' id='word_1_153' title='bbox 918 1369 1077 1405; x_wconf 64' lang='lat' dir='ltr'>Doctoris</span> <span class='ocrx_word' id='word_1_154' title='bbox 1108 1371 1257 1404; x_wconf 79' lang='lat' dir='ltr'>Rumoldi</span> <span class='ocrx_word' id='word_1_155' title='bbox 1294 1369 1517 1415; x_wconf 79' lang='lat' dir='ltr'>Mag-isterio,</span> <span class='ocrx_word' id='word_1_156' title='bbox 1557 1369 1834 1416; x_wconf 80' lang='lat' dir='ltr'>applaudentibus</span> <span class='ocrx_word' id='word_1_157' title='bbox 1878 1368 1937 1408; x_wconf 80' lang='lat' dir='ltr'>fibi</span> 
     </span>
     <span class='ocr_line' id='line_1_15' title="bbox 232 1454 1935 1503; baseline 0.002 -15"><span class='ocrx_word' id='word_1_158' title='bbox 232 1454 274 1489; x_wconf 83' lang='lat' dir='ltr'>de</span> <span class='ocrx_word' id='word_1_159' title='bbox 306 1455 447 1489; x_wconf 88' lang='lat' dir='ltr'>obtento</span> <span class='ocrx_word' id='word_1_160' title='bbox 477 1455 536 1490; x_wconf 89' lang='lat' dir='ltr'>suo</span> <span class='ocrx_word' id='word_1_161' title='bbox 563 1457 694 1492; x_wconf 72' lang='lat' dir='ltr'>haerede</span> <span class='ocrx_word' id='word_1_162' title='bbox 719 1458 938 1502; x_wconf 85' lang='lat' dir='ltr'>parentibus,</span> <span class='ocrx_word' id='word_1_163' title='bbox 966 1462 997 1491; x_wconf 69' lang='lat' dir='ltr'>St</span> <span class='ocrx_word' id='word_1_164' title='bbox 1033 1457 1222 1493; x_wconf 86' lang='lat' dir='ltr'>Dominum</span> <span class='ocrx_word' id='word_1_165' title='bbox 1252 1457 1288 1491; x_wconf 88' lang='lat' dir='ltr'>in</span> <span class='ocrx_word' id='word_1_166' title='bbox 1318 1458 1501 1503; x_wconf 84' lang='lat' dir='ltr'>gratiarum</span> <span class='ocrx_word' id='word_1_167' title='bbox 1533 1457 1664 1497; x_wconf 62' lang='lat' dir='ltr'>actione</span> <span class='ocrx_word' id='word_1_168' title='bbox 1685 1457 1901 1492; x_wconf 85' lang='lat' dir='ltr'>laudantibus</span> <span class='ocrx_word' id='word_1_169' title='bbox 1924 1470 1935 1501; x_wconf 89' lang='lat'>;</span> 
     </span>
     <span class='ocr_line' id='line_1_16' title="bbox 230 1541 1934 1590; baseline 0.002 -14"><span class='ocrx_word' id='word_1_170' title='bbox 230 1541 288 1577; x_wconf 80' lang='lat' dir='ltr'>sed</span> <span class='ocrx_word' id='word_1_171' title='bbox 307 1542 480 1586; x_wconf 85' lang='lat' dir='ltr'>ingentem</span> <span class='ocrx_word' id='word_1_172' title='bbox 506 1541 593 1575; x_wconf 90' lang='lat' dir='ltr'>hanc</span> <span class='ocrx_word' id='word_1_173' title='bbox 615 1541 767 1574; x_wconf 84' lang='lat' dir='ltr'>laetitiam</span> <span class='ocrx_word' id='word_1_174' title='bbox 794 1542 909 1586; x_wconf 74' lang='lat' dir='ltr'>ingens</span> <span class='ocrx_word' id='word_1_175' title='bbox 931 1544 1036 1587; x_wconf 80' lang='lat' dir='ltr'>magis</span> <span class='ocrx_word' id='word_1_176' title='bbox 1061 1544 1275 1586; x_wconf 77' lang='lat' dir='ltr'>subsequitur</span> <span class='ocrx_word' id='word_1_177' title='bbox 1301 1546 1458 1578; x_wconf 80' lang='lat' dir='ltr'>tristitia:</span> <span class='ocrx_word' id='word_1_178' title='bbox 1493 1545 1637 1588; x_wconf 59' lang='lat' dir='ltr'>quadam</span> <span class='ocrx_word' id='word_1_179' title='bbox 1664 1544 1753 1579; x_wconf 88' lang='lat' dir='ltr'>enim</span> <span class='ocrx_word' id='word_1_180' title='bbox 1773 1545 1826 1580; x_wconf 86' lang='lat' dir='ltr'>die</span> <span class='ocrx_word' id='word_1_181' title='bbox 1849 1556 1934 1590; x_wconf 84' lang='lat' dir='ltr'>puer</span> 
     </span>
     <span class='ocr_line' id='line_1_17' title="bbox 231 1627 1934 1675; baseline 0.001 -11"><span class='ocrx_word' id='word_1_182' title='bbox 231 1640 311 1665; x_wconf 84' lang='lat' dir='ltr'>cum</span> <span class='ocrx_word' id='word_1_183' title='bbox 342 1627 470 1663; x_wconf 77' lang='lat' dir='ltr'>Coaevis</span> <span class='ocrx_word' id='word_1_184' title='bbox 495 1627 614 1662; x_wconf 85' lang='lat' dir='ltr'>ludens</span> <span class='ocrx_word' id='word_1_185' title='bbox 638 1628 674 1662; x_wconf 85' lang='lat' dir='ltr'>in</span> <span class='ocrx_word' id='word_1_186' title='bbox 703 1627 791 1662; x_wconf 85' lang='lat' dir='ltr'>alvei</span> <span class='ocrx_word' id='word_1_187' title='bbox 817 1628 958 1669; x_wconf 75' lang='lat' dir='ltr'>littore,</span> <span class='ocrx_word' id='word_1_188' title='bbox 987 1630 1103 1672; x_wconf 85' lang='lat' dir='ltr'>pedem</span> <span class='ocrx_word' id='word_1_189' title='bbox 1128 1628 1216 1662; x_wconf 80' lang='lat' dir='ltr'>male</span> <span class='ocrx_word' id='word_1_190' title='bbox 1249 1629 1344 1673; x_wconf 81' lang='lat' dir='ltr'>figit,</span> <span class='ocrx_word' id='word_1_191' title='bbox 1369 1630 1404 1663; x_wconf 87' lang='lat' dir='ltr'>in</span> <span class='ocrx_word' id='word_1_192' title='bbox 1437 1641 1559 1675; x_wconf 88' lang='lat' dir='ltr'>aquam</span> <span class='ocrx_word' id='word_1_193' title='bbox 1588 1630 1707 1665; x_wconf 83' lang='lat' dir='ltr'>incidit</span> <span class='ocrx_word' id='word_1_194' title='bbox 1733 1634 1764 1664; x_wconf 87' lang='lat'>&amp;</span> <span class='ocrx_word' id='word_1_195' title='bbox 1785 1631 1934 1667; x_wconf 71' lang='lat' dir='ltr'>submer-</span> 
     </span>
     <span class='ocr_line' id='line_1_18' title="bbox 230 1715 1931 1763; baseline 0.001 -11"><span class='ocrx_word' id='word_1_196' title='bbox 230 1717 329 1763; x_wconf 85' lang='lat' dir='ltr'>gitur.</span> <span class='ocrx_word' id='word_1_197' title='bbox 373 1716 475 1752; x_wconf 89' lang='lat' dir='ltr'>tantis</span> <span class='ocrx_word' id='word_1_198' title='bbox 500 1716 536 1750; x_wconf 89' lang='lat' dir='ltr'>in</span> <span class='ocrx_word' id='word_1_199' title='bbox 564 1716 720 1762; x_wconf 87' lang='lat' dir='ltr'>angustiis</span> <span class='ocrx_word' id='word_1_200' title='bbox 743 1715 826 1762; x_wconf 91' lang='lat' dir='ltr'>quid</span> <span class='ocrx_word' id='word_1_201' title='bbox 853 1716 1088 1762; x_wconf 82' lang='lat' dir='ltr'>aggrediantur</span> <span class='ocrx_word' id='word_1_202' title='bbox 1105 1726 1257 1762; x_wconf 80' lang='lat' dir='ltr'>parentes</span> <span class='ocrx_word' id='word_1_203' title='bbox 1280 1716 1388 1750; x_wconf 82' lang='lat' dir='ltr'>miseri</span> <span class='ocrx_word' id='word_1_204' title='bbox 1414 1720 1429 1751; x_wconf 72' lang='grc' dir='ltr'><em>Ρ</em></span> <span class='ocrx_word' id='word_1_205' title='bbox 1465 1717 1542 1752; x_wconf 86' lang='lat' dir='ltr'>Sola</span> <span class='ocrx_word' id='word_1_206' title='bbox 1565 1718 1635 1751; x_wconf 79' lang='lat' dir='ltr'>haec</span> <span class='ocrx_word' id='word_1_207' title='bbox 1667 1717 1734 1762; x_wconf 85' lang='lat' dir='ltr'>spes</span> <span class='ocrx_word' id='word_1_208' title='bbox 1760 1718 1902 1763; x_wconf 78' lang='lat' dir='ltr'>superest</span> <span class='ocrx_word' id='word_1_209' title='bbox 1920 1745 1931 1761; x_wconf 86' lang='lat'>‚</span> 
     </span>
     <span class='ocr_line' id='line_1_19' title="bbox 231 1784 1932 1851; baseline 0.001 -12"><span class='ocrx_word' id='word_1_210' title='bbox 231 1812 294 1846; x_wconf 80' lang='lat' dir='ltr'>ut,</span> <span class='ocrx_word' id='word_1_211' title='bbox 317 1816 387 1851; x_wconf 90' lang='lat' dir='ltr'>quo</span> <span class='ocrx_word' id='word_1_212' title='bbox 412 1805 633 1851; x_wconf 82' lang='lat' dir='ltr'>prophetante</span> <span class='ocrx_word' id='word_1_213' title='bbox 652 1816 722 1840; x_wconf 91' lang='lat' dir='ltr'>non</span> <span class='ocrx_word' id='word_1_214' title='bbox 743 1804 908 1849; x_wconf 84' lang='lat' dir='ltr'>speratum</span> <span class='ocrx_word' id='word_1_215' title='bbox 933 1784 1127 1851; x_wconf 73' lang='lat' dir='ltr'>acceperant</span> <span class='ocrx_word' id='word_1_216' title='bbox 1142 1830 1152 1846; x_wconf 85' lang='lat'>‚</span> <span class='ocrx_word' id='word_1_217' title='bbox 1176 1817 1217 1839; x_wconf 86' lang='lat' dir='ltr'>eo</span> <span class='ocrx_word' id='word_1_218' title='bbox 1245 1814 1363 1839; x_wconf 84' lang='lat' dir='ltr'>orante</span> <span class='ocrx_word' id='word_1_219' title='bbox 1388 1805 1536 1844; x_wconf 77' lang='lat' dir='ltr'>amiss&#39;um</span> <span class='ocrx_word' id='word_1_220' title='bbox 1555 1805 1724 1850; x_wconf 80' lang='lat' dir='ltr'>recipiant.</span> <span class='ocrx_word' id='word_1_221' title='bbox 1740 1808 1932 1841; x_wconf 83' lang='lat' dir='ltr'>Accersstur</span> 
     </span>
     <span class='ocr_line' id='line_1_20' title="bbox 230 1892 1930 1940; baseline 0.001 -13"><span class='ocrx_word' id='word_1_222' title='bbox 230 1894 424 1934; x_wconf 78' lang='lat' dir='ltr'>Rumoldas,</span> <span class='ocrx_word' id='word_1_223' title='bbox 447 1894 506 1939; x_wconf 90' lang='lat' dir='ltr'>qui</span> <span class='ocrx_word' id='word_1_224' title='bbox 531 1905 601 1929; x_wconf 88' lang='lat' dir='ltr'>non</span> <span class='ocrx_word' id='word_1_225' title='bbox 622 1892 745 1928; x_wconf 86' lang='lat' dir='ltr'>minori</span> <span class='ocrx_word' id='word_1_226' title='bbox 768 1904 869 1940; x_wconf 87' lang='lat' dir='ltr'>quam</span> <span class='ocrx_word' id='word_1_227' title='bbox 893 1903 1044 1939; x_wconf 85' lang='lat' dir='ltr'>parentes</span> <span class='ocrx_word' id='word_1_228' title='bbox 1064 1893 1259 1939; x_wconf 84' lang='lat' dir='ltr'>percellitur</span> <span class='ocrx_word' id='word_1_229' title='bbox 1285 1894 1412 1928; x_wconf 84' lang='lat' dir='ltr'>dolore.</span> <span class='ocrx_word' id='word_1_230' title='bbox 1445 1894 1667 1928; x_wconf 85' lang='lat' dir='ltr'>Circumstant</span> <span class='ocrx_word' id='word_1_231' title='bbox 1699 1894 1877 1940; x_wconf 83' lang='lat' dir='ltr'>propinqui</span> <span class='ocrx_word' id='word_1_232' title='bbox 1898 1898 1930 1929; x_wconf 66' lang='grc' dir='ltr'>δε</span> 
     </span>
     <span class='ocr_line' id='line_1_21' title="bbox 229 1981 1926 2028; baseline 0.001 -13"><span class='ocrx_word' id='word_1_233' title='bbox 229 1981 403 2016; x_wconf 83' lang='lat' dir='ltr'>domestici</span> <span class='ocrx_word' id='word_1_234' title='bbox 430 1984 577 2024; x_wconf 77' lang='lat' dir='ltr'>Adonis,</span> <span class='ocrx_word' id='word_1_235' title='bbox 612 1986 644 2017; x_wconf 66' lang='grc' dir='ltr'>ὅτ</span> <span class='ocrx_word' id='word_1_236' title='bbox 677 1982 725 2016; x_wconf 83' lang='lat' dir='ltr'>rei</span> <span class='ocrx_word' id='word_1_237' title='bbox 747 1991 908 2017; x_wconf 88' lang='lat' dir='ltr'>eventum</span> <span class='ocrx_word' id='word_1_238' title='bbox 937 1983 1033 2018; x_wconf 74' lang='lat' dir='ltr'>avide</span> <span class='ocrx_word' id='word_1_239' title='bbox 1058 1982 1297 2028; x_wconf 71' lang='lat' dir='ltr'>praestolantur.</span> <span class='ocrx_word' id='word_1_240' title='bbox 1331 1982 1385 2027; x_wconf 86' lang='lat' dir='ltr'>spe</span> <span class='ocrx_word' id='word_1_241' title='bbox 1410 1981 1467 2017; x_wconf 72' lang='lat' dir='ltr'>sua</span> <span class='ocrx_word' id='word_1_242' title='bbox 1494 1982 1529 2016; x_wconf 90' lang='lat' dir='ltr'>in</span> <span class='ocrx_word' id='word_1_243' title='bbox 1557 1982 1707 2017; x_wconf 86' lang='lat' dir='ltr'>Domino</span> <span class='ocrx_word' id='word_1_244' title='bbox 1735 1981 1900 2016; x_wconf 68' lang='lat' dir='ltr'>collocata</span> <span class='ocrx_word' id='word_1_245' title='bbox 1916 2007 1926 2023; x_wconf 84' lang='grc'>,</span> 
     </span>
     <span class='ocr_line' id='line_1_22' title="bbox 190 2053 1935 2117; baseline 0.001 -15"><span class='ocrx_word' id='word_1_246' title='bbox 190 2064 193 2069; x_wconf 88' lang='grc'>’</span> <span class='ocrx_word' id='word_1_247' title='bbox 231 2069 418 2114; x_wconf 80' lang='lat' dir='ltr'>procumbit</span> <span class='ocrx_word' id='word_1_248' title='bbox 442 2053 612 2116; x_wconf 84' lang='lat' dir='ltr'>ingenua</span> <span class='ocrx_word' id='word_1_249' title='bbox 646 2070 699 2106; x_wconf 85' lang='lat' dir='ltr'>vir</span> <span class='ocrx_word' id='word_1_250' title='bbox 721 2072 859 2105; x_wconf 66' lang='lat' dir='ltr'>Sanctus</span> <span class='ocrx_word' id='word_1_251' title='bbox 878 2096 887 2112; x_wconf 88' lang='lat'><strong><em>‚</em></strong></span> <span class='ocrx_word' id='word_1_252' title='bbox 925 2073 955 2105; x_wconf 83' lang='lat'>&amp;</span> <span class='ocrx_word' id='word_1_253' title='bbox 983 2071 1131 2116; x_wconf 86' lang='lat' dir='ltr'>repetitis</span> <span class='ocrx_word' id='word_1_254' title='bbox 1164 2071 1311 2106; x_wconf 79' lang='lat' dir='ltr'>Vicibus</span> <span class='ocrx_word' id='word_1_255' title='bbox 1330 2074 1405 2117; x_wconf 79' lang='lat' dir='ltr'>Jesu</span> <span class='ocrx_word' id='word_1_256' title='bbox 1426 2071 1563 2105; x_wconf 88' lang='lat' dir='ltr'>nomine</span> <span class='ocrx_word' id='word_1_257' title='bbox 1585 2071 1743 2105; x_wconf 84' lang='lat' dir='ltr'>invocato</span> <span class='ocrx_word' id='word_1_258' title='bbox 1758 2094 1768 2112; x_wconf 83' lang='grc'>,</span> <span class='ocrx_word' id='word_1_259' title='bbox 1799 2072 1935 2105; x_wconf 50' lang='lat' dir='ltr'>adstana</span> 
     </span>
    </p>
   </div>
   <div class='ocr_carea' id='block_1_6' title="bbox 231 2158 1543 2205">
    <p class='ocr_par' dir='ltr' id='par_1_6' title="bbox 231 2158 1543 2205">
     <span class='ocr_line' id='line_1_23' title="bbox 231 2158 1543 2205; baseline 0 -14"><span class='ocrx_word' id='word_1_260' title='bbox 231 2163 298 2192; x_wconf 83' lang='lat' dir='ltr'>tem</span> <span class='ocrx_word' id='word_1_261' title='bbox 322 2158 380 2193; x_wconf 88' lang='lat' dir='ltr'>fibi</span> <span class='ocrx_word' id='word_1_262' title='bbox 399 2158 547 2205; x_wconf 86' lang='lat' dir='ltr'>agnoscit</span> <span class='ocrx_word' id='word_1_263' title='bbox 568 2161 726 2193; x_wconf 80' lang='lat' dir='ltr'>Libertum</span> <span class='ocrx_word' id='word_1_264' title='bbox 749 2158 1006 2205; x_wconf 85' lang='lat' dir='ltr'>redivivumque</span> <span class='ocrx_word' id='word_1_265' title='bbox 1028 2160 1131 2198; x_wconf 82' lang='lat' dir='ltr'>tradit</span> <span class='ocrx_word' id='word_1_266' title='bbox 1161 2159 1353 2205; x_wconf 82' lang='lat' dir='ltr'>parentibus</span> <span class='ocrx_word' id='word_1_267' title='bbox 1375 2159 1543 2204; x_wconf 83' lang='lat' dir='ltr'>gaudium.</span> 
     </span>
    </p>
   </div>
   <div class='ocr_carea' id='block_1_7' title="bbox 228 2278 1939 2604">
    <p class='ocr_par' dir='ltr' id='par_1_7' title="bbox 228 2278 1939 2604">
     <span class='ocr_line' id='line_1_24' title="bbox 273 2278 1938 2339; baseline 0.001 -14"><span class='ocrx_word' id='word_1_268' title='bbox 273 2291 429 2337; x_wconf 78' lang='lat' dir='ltr'>Augetur</span> <span class='ocrx_word' id='word_1_269' title='bbox 450 2278 602 2337; x_wconf 56' lang='lat' dir='ltr'>‘posthaec</span> <span class='ocrx_word' id='word_1_270' title='bbox 633 2291 740 2327; x_wconf 85' lang='lat' dir='ltr'>indies</span> <span class='ocrx_word' id='word_1_271' title='bbox 771 2292 873 2338; x_wconf 84' lang='lat' dir='ltr'>magis</span> <span class='ocrx_word' id='word_1_272' title='bbox 905 2282 1008 2328; x_wconf 86' lang='lat' dir='ltr'>chus</span> <span class='ocrx_word' id='word_1_273' title='bbox 1035 2293 1145 2328; x_wconf 72' lang='lat' dir='ltr'>Sanffl</span> <span class='ocrx_word' id='word_1_274' title='bbox 1167 2291 1316 2327; x_wconf 82' lang='lat' dir='ltr'>Praesulis</span> <span class='ocrx_word' id='word_1_275' title='bbox 1346 2293 1446 2326; x_wconf 85' lang='lat' dir='ltr'>fidem</span> <span class='ocrx_word' id='word_1_276' title='bbox 1475 2292 1701 2327; x_wconf 83' lang='lat' dir='ltr'>Christianam</span> <span class='ocrx_word' id='word_1_277' title='bbox 1716 2292 1938 2339; x_wconf 76' lang='lat' dir='ltr'>plantantis‚.</span> 
     </span>
     <span class='ocr_line' id='line_1_25' title="bbox 230 2376 1939 2428; baseline 0.004 -16"><span class='ocrx_word' id='word_1_278' title='bbox 230 2376 364 2427; x_wconf 74' lang='lat' dir='ltr'>:rigantis</span> <span class='ocrx_word' id='word_1_279' title='bbox 385 2383 416 2415; x_wconf 70' lang='lat' dir='ltr'>Sc</span> <span class='ocrx_word' id='word_1_280' title='bbox 437 2381 646 2426; x_wconf 85' lang='lat' dir='ltr'>propagantis</span> <span class='ocrx_word' id='word_1_281' title='bbox 667 2405 676 2423; x_wconf 89' lang='lat'>‚</span> <span class='ocrx_word' id='word_1_282' title='bbox 702 2381 853 2417; x_wconf 88' lang='lat' dir='ltr'>Domino</span> <span class='ocrx_word' id='word_1_283' title='bbox 873 2384 1074 2425; x_wconf 69' lang='lat' dir='ltr'>cooperante</span> <span class='ocrx_word' id='word_1_284' title='bbox 1096 2385 1126 2416; x_wconf 89' lang='lat'>&amp;</span> <span class='ocrx_word' id='word_1_285' title='bbox 1155 2381 1340 2416; x_wconf 56' lang='lat' dir='ltr'>doctrinam</span> <span class='ocrx_word' id='word_1_286' title='bbox 1367 2382 1436 2426; x_wconf 82' lang='lat' dir='ltr'>ejus</span> <span class='ocrx_word' id='word_1_287' title='bbox 1460 2381 1555 2428; x_wconf 79' lang='lat' dir='ltr'>signis</span> <span class='ocrx_word' id='word_1_288' title='bbox 1583 2385 1614 2416; x_wconf 61' lang='grc' dir='ltr'>ἐξ</span> <span class='ocrx_word' id='word_1_289' title='bbox 1640 2381 1809 2417; x_wconf 84' lang='lat' dir='ltr'>miraculis</span> <span class='ocrx_word' id='word_1_290' title='bbox 1833 2383 1939 2418; x_wconf 32' lang='lat' dir='ltr'>Cen-³⁷</span> 
     </span>
     <span class='ocr_line' id='line_1_26' title="bbox 228 2466 1922 2517; baseline 0.004 -18"><span class='ocrx_word' id='word_1_291' title='bbox 228 2466 410 2502; x_wconf 65' lang='lat' dir='ltr'>firmante:</span> <span class='ocrx_word' id='word_1_292' title='bbox 444 2480 488 2502; x_wconf 88' lang='lat' dir='ltr'>ne</span> <span class='ocrx_word' id='word_1_293' title='bbox 513 2477 625 2506; x_wconf 86' lang='lat' dir='ltr'>autem</span> <span class='ocrx_word' id='word_1_294' title='bbox 659 2469 791 2505; x_wconf 88' lang='lat' dir='ltr'>Otiosus</span> <span class='ocrx_word' id='word_1_295' title='bbox 830 2481 992 2517; x_wconf 86' lang='lat' dir='ltr'>umquam</span> <span class='ocrx_word' id='word_1_296' title='bbox 1029 2471 1356 2516; x_wconf 83' lang='lat' dir='ltr'>deprehenderetur,</span> <span class='ocrx_word' id='word_1_297' title='bbox 1382 2469 1438 2505; x_wconf 82' lang='lat' dir='ltr'>vel</span> <span class='ocrx_word' id='word_1_298' title='bbox 1473 2472 1587 2505; x_wconf 85' lang='lat' dir='ltr'>Deum</span> <span class='ocrx_word' id='word_1_299' title='bbox 1615 2470 1839 2516; x_wconf 73' lang='lat' dir='ltr'>praedicabat,</span> <span class='ocrx_word' id='word_1_300' title='bbox 1865 2471 1922 2506; x_wconf 77' lang='lat' dir='ltr'>vel</span> 
     </span>
     <span class='ocr_line' id='line_1_27' title="bbox 230 2552 1937 2604; baseline 0.002 -13"><span class='ocrx_word' id='word_1_301' title='bbox 230 2552 617 2593; x_wconf 69' lang='lat' dir='ltr'>coelestiameditabatur</span> <span class='ocrx_word' id='word_1_302' title='bbox 633 2583 644 2600; x_wconf 83' lang='lat'><strong>,</strong></span> <span class='ocrx_word' id='word_1_303' title='bbox 669 2558 724 2593; x_wconf 83' lang='lat' dir='ltr'>vel</span> <span class='ocrx_word' id='word_1_304' title='bbox 743 2558 808 2594; x_wconf 89' lang='lat' dir='ltr'>suis</span> <span class='ocrx_word' id='word_1_305' title='bbox 831 2558 896 2603; x_wconf 90' lang='lat' dir='ltr'>ipse</span> <span class='ocrx_word' id='word_1_306' title='bbox 917 2559 1070 2594; x_wconf 87' lang='lat' dir='ltr'>manibus</span> <span class='ocrx_word' id='word_1_307' title='bbox 1089 2559 1242 2604; x_wconf 87' lang='lat' dir='ltr'>Apostoli</span> <span class='ocrx_word' id='word_1_308' title='bbox 1262 2570 1356 2593; x_wconf 79' lang='lat' dir='ltr'>inore</span> <span class='ocrx_word' id='word_1_309' title='bbox 1381 2560 1590 2604; x_wconf 71' lang='lat' dir='ltr'>operabatur.</span> <span class='ocrx_word' id='word_1_310' title='bbox 1617 2559 1755 2594; x_wconf 78' lang='lat' dir='ltr'>‚Accidit</span> <span class='ocrx_word' id='word_1_311' title='bbox 1782 2569 1916 2599; x_wconf 75' lang='lat' dir='ltr'>autem,</span> <span class='ocrx_word' id='word_1_312' title='bbox 1933 2587 1937 2590; x_wconf 85' lang='lat'><em>-</em></span> 
     </span>
    </p>
   </div>
   <div class='ocr_carea' id='block_1_8' title="bbox 229 2644 1938 2697">
    <p class='ocr_par' dir='ltr' id='par_1_8' title="bbox 229 2644 1938 2697">
     <span class='ocr_line' id='line_1_28' title="bbox 229 2644 1938 2697; baseline -0.002 -15"><span class='ocrx_word' id='word_1_313' title='bbox 229 2644 426 2689; x_wconf 22' lang='lat' dir='ltr'>uttxoperatii</span> <span class='ocrx_word' id='word_1_314' title='bbox 461 2646 857 2697; x_wconf 69' lang='lat' dir='ltr'>cujusdainadulterium</span> <span class='ocrx_word' id='word_1_315' title='bbox 882 2647 981 2694; x_wconf 72' lang='lat' dir='ltr'>juxta</span> <span class='ocrx_word' id='word_1_316' title='bbox 1008 2647 1175 2685; x_wconf 25' lang='lat' dir='ltr'>fraternaer</span> <span class='ocrx_word' id='word_1_317' title='bbox 1193 2648 1412 2694; x_wconf 76' lang='lat' dir='ltr'>correptionis</span> <span class='ocrx_word' id='word_1_318' title='bbox 1450 2647 1602 2684; x_wconf 85' lang='lat' dir='ltr'>ordinem</span> <span class='ocrx_word' id='word_1_319' title='bbox 1638 2647 1938 2693; x_wconf 38' lang='lat' dir='ltr'>reprehendissem.</span> 
     </span>
    </p>
   </div>
  </div>
 </body>
</html>
