2390 3111
1278 114 1299 178 (
1340 127 1403 162 22
1440 113 1462 177 >

587 215 665 280 Op
717 212 796 259 het
852 207 1041 274 hoogste
1090 208 1151 255 zit
1213 205 1514 254 D'HEYLIGE
1579 203 1741 254 KERK
1780 225 1791 253 ε
1833 219 1920 256 wat
1965 208 2118 274 leeger
2163 212 2219 260 de

515 282 848 333 WsAERuEYD
883 310 896 332 ‚
933 280 989 324 de
1041 276 1123 338 dry
1169 273 1499 323 GODDELYKE
1548 272 1819 321 DEUGDEN
1851 307 1865 330 ,
1914 277 1968 323 de
2014 278 2217 325 GODDE·

515 365 653 399 LYKE
669 347 949 396 WYSHEYD
976 361 1031 392 en
1064 346 1149 392 den
1171 361 1347 392 waeren
1382 341 1742 390 GODTSDIENST
1768 358 1924 409 :agter
1941 343 2050 393 deze
2080 346 2219 412 voigd

513 418 819 466 RUMOLDUS
840 414 1200 479 verpletterende
1230 410 1675 461 betHEYDENDoM
1695 428 1751 459 en
1784 412 1839 459 de
1873 410 2218 464 AFGODERYE.

584 485 695 533 Den
716 483 910 547 W⁷agen
931 484 1054 530 word
1072 481 1262 530 bestierd
1283 482 1397 530 door
1415 479 1493 530 het
1520 479 1656 529 LIGT
1680 483 1847 529 VAN’T
1865 478 2186 530 EVANGELOE.
2201 516 2218 540 ‚

511 553 763 604 hebbende¹
799 552 863 600 dit
903 550 1136 617 Opschrift
1167 569 1179 599 ε

511 647 707 712 Populus
751 645 826 711 qui
857 641 1113 691 ambulabat
1150 643 1198 690 in
1232 640 1447 697 tenebris,
1475 640 1584 688 vidit
1601 641 1737 688 lucem
1764 640 2006 706 Magnam.
2040 638 2141 689 ISA.
2170 648 2219 708 9.'

582 728 683 779 Het
731 731 873 785 volk‚
923 729 1000 778 het
1032 729 1148 778 welk
1187 728 1416 778 wandelde
1456 729 1503 775 in
1530 727 1585 776 de
1626 724 1936 791 Duysterniffe
1975 726 2097 775 heeft
2133 744 2218 777 een

512 814 651 867 groot
690 799 769 865 ligt
793 800 979 863 gezien.

769 974 1245 1074 PARS
1380 960 1971 1072 NONA·

517 1214 529 1225 .
550 1214 559 1225 .
581 1213 615 1225 ..
639 1213 649 1224 .
789 1211 800 1222 .
835 1158 974 1233 SEd
1014 1172 1069 1224 ὠ·
1108 1175 1203 1239 ipsa
1234 1173 1435 1235 fatebere
1470 1191 1672 1229 mecum,-

512 1246 648 1293 Sortis
675 1246 943 1310 prosperitas
977 1260 1066 1291 non
1087 1242 1235 1308 parva
1274 1259 1325 1290 ex
1359 1253 1486 1306 parte
1515 1243 1717 1307 pependit

519 1317 571 1362 In
603 1315 727 1375 vigili
759 1313 869 1360 curci
903 1314 1140 1365 comitum,
1182 1313 1431 1376 Regumque
1477 1310 1719 1378 ducumque

511 1383 744 1450 Quorum,
754 1378 978 1446 gaudebas
1016 1380 1249 1442 vigilantia
1273 1380 1448 1443 sceptra
1494 1380 1637 1425 vereri

511 1452 832 1514 Imperiumque
852 1448 979 1513 sequi
996 1458 1307 1494 :numerentur
1357 1445 1561 1492 ADONIS
1581 1444 1638 1492 ab
1669 1460 1783 1499 avo,

511 1519 676 1566 Nullus
707 1528 825 1572 erat,
851 1518 957 1582 quin
989 1526 1027 1562 te
1055 1516 1202 1579 patrio
1231 1524 1404 1562 curaret
1430 1530 1579 1560 amore
1599 1545 1612 1568 ‚

512 1586 676 1634 Nullus
706 1596 823 1640 erat,
857 1582 939 1648 sub
981 1600 1062 1649 quo
1094 1600 1180 1631 non
1212 1583 1392 1630 creverit
1440 1580 1590 1629 ordine
1634 1598 1784 1629 rerum

513 1655 786 1702 Continuata
813 1652 941 1711 salus
969 1685 982 1707 ‚
1020 1651 1270 1717 celebrisque
1288 1650 1346 1709 stt
1378 1649 1557 1697 additus
1591 1650 1681 1697 oris

511 1722 720 1787 Splendor
739 1721 1012 1769 Mechliacis.
1044 1721 1069 1767 ὂ
1100 1732 1244 1786 terque
1278 1729 1510 1785 quaterque
1544 1717 1715 1766 beatam

511 1793 661 1858 Usque
699 1791 787 1839 tuis
823 1786 1039 1837 ducibus!
1078 1789 1233 1852 Magis
1278 1798 1472 1835 attamen
1503 1787 1597 1851 ipsa
1640 1786 1785 1835 bearis

511 1858 755 1907 MECHLA
778 1857 866 1923 sul>
899 1857 1088 1905 adventu
1108 1858 1255 1919 felicis
1276 1856 1510 1920 tempori5‚
1537 1868 1588 1902 ex
1634 1871 1716 1921 quo

513 1929 592 1975 illa
621 1930 745 1987 salus
771 1926 1055 1992 splendorque
1088 1937 1190 1973 tuus
1210 1925 1390 1988 fulgere
1420 1923 1500 1981 lul)
1532 1925 1674 1972 armis

516 1992 947 2044 AUSTRIACIS
977 1995 1096 2059 coepit
1114 2015 1124 2041 ε
1142 2011 1248 2041 nam
1272 1992 1374 2045 ficut
1387 1991 1505 2045 stella
1524 1996 1780 2053 coruscans,

512 2067 747 2112 Auricomo
777 2063 914 2128 phebi
949 2064 1098 2110 vitreis
1134 2062 1354 2110 redeuntis
1387 2060 1445 2109 ab
1480 2060 1614 2109 undis

512 2133 706 2181 Lumine
753 2149 861 2179 rara
887 2134 1000 2196 perit
1037 2130 1294 2197 penitusque
1327 2129 1499 2189 *obtecta
1528 2128 1710 2185 recedit,

514 2203 618 2249 Non
635 2200 760 2265 secus
789 2201 867 2247 illa
907 2199 1092 2255 domus3
1120 2202 1186 2247 vel
1219 2199 1333 2247 enim
1361 2198 1598 2263 prudentia
1618 2196 1783 2262 spe53e5

512 2271 715 2335 Sceptra,
747 2271 813 2316 vel
852 2268 1050 2317 attendas
1088 2268 1291 2317 celebrem
1329 2268 1506 2315 virtutis
1546 2268 1780 2321 honorem,

510 2342 623 2387 Ante
657 2340 767 2385 alios
804 2354 949 2385 omnes
975 2370 989 2393 ,
1027 2339 1102 2404 qui
1137 2349 1175 2385 te
1211 2336 1374 2392 rexere,
1405 2333 1699 2389 MAUNAS,

513 2408 689 2470 Emicat
722 2409 816 2454 alta
849 2405 975 2455 duces
1013 2428 1023 2454 :
1062 2423 1137 2455 nec
1170 2405 1350 2454 deerunt
1385 2405 1504 2453 illius
1538 2419 1669 2452 arma

513 2476 767 2538 Defenfura
799 2476 927 2532 suos,
959 2476 1102 2540 pietas
1135 2474 1241 2522 ditm
1275 2473 1407 2530 stabit
1450 2474 1602 2529 avita,

512 2545 532 2605 (
555 2546 645 2591 Hac
675 2544 828 2591 etenim
862 2542 914 2593 esi‘
956 2542 1047 2608 ejus
1078 2544 1269 2607 summis
1303 2543 1503 2606 impreffiz
1544 2538 1779 2605 medullis)

513 2612 803 2680 Subjec‘tosque
836 2610 916 2673 fibi
934 2613 1071 2678 facili
1100 2613 1314 2679 conspexit
1346 2627 1495 2660 amore
