2390 3111
938 153 1825 256 ›EMTUMJE

645 312 1131 395 VITAE
1283 324 1457 400 SA
1539 325 1626 400 N
1707 325 1774 402 C
1864 324 1947 401 T
2025 329 2077 405 J

793 451 1928 588 RUMOLDI.

537 597 572 629 ,ff

617 669 692 730 πῖ.
804 658 948 691 Umoldus
1013 659 1136 705 Regali
1192 663 1373 696 stemmate
1428 662 1463 697 in
1505 663 1608 699 scotia
1655 672 1753 699 natus
1797 687 1807 705 ‚
1855 663 1897 697 ab
1950 661 2016 708 ipsa
2063 661 2203 698 infantia

524 718 559 751 ’ἢ
579 731 652 768 Ἀ’-
725 780 743 801 ὶ
783 732 894 779 ⁸omni
916 746 1051 781 virtutis
1077 748 1198 791 pariter
1231 752 1263 783 ὅτ
1298 749 1496 785 eruditionis
1531 752 1623 786 bono
1663 752 1813 786 imbutus
1848 751 1995 796 eousque
2024 753 2201 796 processit,

507 838 539 870 5²
726 833 781 876 ,ᾖ
800 841 840 866 ut
861 832 946 867 nihil
975 845 1092 868 eorum
1109 860 1118 876 ‚
1154 836 1277 881 quibus
1305 839 1398 872 Deus
1425 839 1630 884 acquiritur,
1659 839 1865 874 intentatum
1884 838 2085 884 reliquerit,
2116 839 2199 873 adeo

507 925 547 951 ut
575 929 646 953 rara
684 920 849 954 virtutum
877 922 946 965 ejus
983 923 1117 968 insignia
1152 924 1259 959 insula
1294 934 1367 960 tota
1406 938 1475 961 non
1503 926 1728 972 potueritnon
1763 926 1947 967 admirari,
1983 930 2014 960 &
2049 925 2199 960 indolem

505 1006 576 1048 ejus
603 1008 644 1040 ad
671 1007 810 1040 illustria
838 1008 1012 1043 Divinitus
1040 1010 1235 1044 destinatam
1257 1024 1327 1046 non
1356 1013 1491 1058 opinari.
1521 1016 1566 1049 Et
1603 1014 1684 1048 vero
1710 1015 1827 1048 naecus
1849 1022 1982 1049 aetatem
2009 1013 2195 1059 proveetio-

502 1104 573 1128 rem
597 1095 813 1139 quantumvis
833 1094 961 1130 invitus
982 1100 1013 1131 &
1038 1098 1205 1132 reluetans
1227 1101 1268 1133 ad
1299 1100 1527 1146 Episeopalem
1558 1101 1714 1136 evehitur
1745 1101 1952 1147 dignitatem.

548 1229 721 1261 Rumoldus
746 1229 787 1261 ad
811 1228 1015 1263 sublimioris
1040 1234 1071 1265 &
1100 1230 1307 1275 perfectioris
1329 1233 1408 1268 vitae
1432 1233 1574 1268 formam
1600 1234 1759 1268 anhelans
1788 1233 2003 1277 Episcopatui
2027 1236 2060 1266 ὅτ
2090 1234 2197 1267 omni-

503 1315 566 1348 bus
606 1316 822 1360 quantumvis
859 1317 967 1351 charis
995 1319 1177 1360 valedicit,
1201 1323 1418 1367 Romamque
1443 1325 1493 1356 SS.
1529 1322 1770 1366 Apostolorum
1799 1321 1890 1356 Petri
1920 1324 1951 1354 St
1983 1320 2080 1355 Pauli
2113 1320 2196 1355 alio-

499 1413 641 1448 rumque
656 1406 848 1449 Martyrum
863 1407 999 1441 exuvias
1022 1417 1242 1442 veneraturus
1257 1410 1495 1453 proficiscitur,
1509 1422 1579 1445 non
1593 1410 1773 1444 formidans
1789 1399 1918 1444 itineris
1937 1407 2193 1451 difficultatem,

499 1502 561 1525 nec
586 1491 689 1525 ullam
707 1493 933 1528 disseminandi
962 1496 1055 1530 verbi
1085 1497 1204 1531 Divini
1240 1498 1273 1531 in
1298 1498 1383 1532 locis
1399 1523 1408 1538 ,
1445 1509 1520 1542 quae
1547 1499 1702 1532 transibat
1718 1522 1727 1538 ,
1758 1498 2013 1540 praetermittens
2044 1498 2185 1531 occasio·-

499 1590 606 1619 nem3
641 1580 722 1623 quin
753 1582 785 1612 &
809 1579 979 1613 miraculis
996 1604 1005 1621 ,
1036 1581 1094 1614 ubi
1123 1593 1205 1626 opus
1234 1591 1304 1616 erat
1335 1607 1345 1623 ,
1379 1582 1562 1617 Catholicae
1596 1582 1674 1615 fidei
1693 1584 1841 1615 astruens
1870 1582 2058 1616 veritatem.

543 1710 615 1743 Vix
644 1712 790 1743 Romam
813 1711 993 1745 advenerat
1010 1736 1019 1752 ‚
1043 1712 1125 1757 quin
1158 1713 1272 1747 videre
1292 1712 1327 1747 in
1347 1713 1414 1757 ipso
1434 1712 1523 1747 foret
1553 1713 1743 1747 admiranda
1773 1714 1962 1749 devotionis
1998 1719 2030 1749 &
2057 1715 2188 1759 pietatis

496 1797 660 1842 insignia:
694 1800 808 1832 noetes
840 1800 1015 1834 traducere
1048 1800 1239 1841 insomnes,
1277 1811 1317 1835 ut
1353 1804 1549 1846 Martyrum
1588 1801 1756 1835 cruciatus
1793 1803 1915 1836 mentis
1961 1803 2026 1837 suae
2066 1815 2187 1839 arcano

496 1885 713 1926 revolveret,
746 1889 837 1922 Loca
870 1889 981 1923 onmia
1019 1900 1135 1923 eorum
1171 1890 1337 1935 Sanguine
1372 1889 1527 1924 rubentia
1557 1890 1710 1934 amplecti
1750 1893 1781 1924 &
1823 1889 1965 1925 osculari
2005 1891 2185 1938 mixtisque

492 1974 647 2018 lacrymis
675 1974 763 2009 bella
794 1987 911 2010 eorum
943 1966 1002 2021 pro
1037 1978 1167 2011 Christo
1202 1977 1347 2023 suscepta
1374 1981 1405 2012 &
1439 1977 1582 2012 tolerata
1604 1977 1638 2012 in
1663 1977 1784 2023 vigiliis
1806 1980 1837 2011 ὅτ
1866 1979 2003 2022 Jejuniis
2036 1979 2093 2013 fibi
2126 1981 2185 2015 ob·-

487 2062 614 2104 jicere,
643 2063 870 2109 perquzimipsi
885 2074 955 2099 erat
977 2064 1162 2106 familiare,
1188 2067 1271 2100 adeo
1308 2075 1346 2100 ut
1375 2066 1410 2100 in
1450 2066 1611 2100 invistum
1646 2065 1808 2100 subeundi
1848 2066 1979 2101 eosdem
2015 2067 2183 2102 cruciatus

490 2150 683 2184 desiderium
720 2161 812 2187 totus
846 2152 1042 2199 frequenter
1086 2155 1313 2199 abriperetur,
1350 2157 1381 2188 ὅτ
1411 2165 1480 2188 non
1501 2178 1510 2194 ,
1538 2154 1596 2187 nisi
1633 2163 1672 2188 ut
1704 2154 1895 2199 praesentem
1925 2156 1982 2189 fibi
2019 2163 2182 2191 tortorem

492 2239 717 2281 conspiceret,
747 2241 884 2274 liaberet
922 2242 953 2275 in
984 2242 1082 2275 votis.
1115 2245 1163 2276 At
1204 2242 1298 2276 Deus
1330 2242 1481 2287 Optimus
1515 2242 1687 2276 Maximus
1717 2245 1735 2285 ζ
1765 2243 1857 2286 cujus
1881 2242 2089 2287 providentia
2121 2254 2181 2289 gu-

491 2328 707 2372 bernamur)
732 2330 949 2369 decreverat,
977 2340 1015 2364 ut
1052 2331 1125 2364 viro
1164 2322 1462 2375 huic'Apostolico
1494 2339 1582 2363 terra
1623 2330 1837 2375 obtingeret,
1882 2341 1984 2376 quam
2030 2331 2179 2365 Coelestis

489 2415 582 2448 verbi
622 2416 745 2450 semine
786 2419 944 2451 consitam
990 2417 1064 2451 fuso
1111 2418 1297 2464 aspergeret
1328 2429 1447 2453 cruore
1476 2431 1482 2452 :
1511 2420 1692 2464 Resignato
1719 2418 1822 2463 igitur
1845 2416 1880 2452 in
1917 2429 2036 2453 manus
2059 2418 2177 2453 summi

488 2504 659 2538 Pontificis
686 2506 885 2549 Episcopatu
911 2509 941 2539 &
965 2517 1096 2551 recepta
1122 2507 1315 2552 Apostolica
1345 2507 1578 2541 benedictione
1612 2505 1746 2540 Divina:
1767 2506 1798 2540 se
1826 2506 2008 2540 committit
2033 2506 2173 2541 indilate

488 2593 716 2634 ordinationi,
749 2603 899 2640 peragrat
927 2595 1055 2630 Gallias
1083 2599 1113 2630 &1
1139 2596 1173 2630 in
1211 2608 1289 2631 eum
1324 2596 1437 2643 locum
1474 2595 1634 2636 devenit,
1672 2605 1773 2640 quem
1809 2593 1930 2629 incola:
1957 2596 2167 2629 Blachlinlam

490 2682 514 2714 A
523 2681 720 2724 ppellabant.
