2390 3111
847 75 1977 253 VIERD(E4)DEEL.

557 348 613 388 1„
637 305 724 385 D
742 326 784 375 It
805 325 929 377 Deel
946 327 1070 375 word
1103 326 1314 393 ingeleyd
1332 326 1446 375 door
1464 325 1541 375 het
1565 325 1700 376 LIG'r
1718 360 1733 384 ‚
1750 330 1796 376 in
1827 329 2004 392 boeyen
2034 330 2252 394 leydende

556 417 613 452 en
660 394 979 464 uytbannende
1012 395 1069 444 de
1109 395 1534 451 DUYsTERmssE,
1565 394 1808 445 hebbende
1863 398 1974 447 deze
2002 396 2205 450 Versen:

802 485 907 534 Nox
967 485 1159 550 infausta
1190 487 1300 547 suas
1337 502 1537 535 errorum
1565 485 1726 552 diffipet
1770 484 1983 544 umbras,

870 553 985 603 Cum
1021 553 1178 607 Christi
1211 556 1407 604 exoritur
1451 556 1616 603 lumine
1631 554 1787 618 fausta
1819 555 1925 604 dies.

700 641 842 691 Door
885 657 974 688 zoo
1006 657 1091 690 een
1126 656 1289 707 groote
1323 658 1408 690 zon
1429 656 1553 690 moet
1572 641 1759 709 vlugten
1791 658 1905 708 gaen
1932 641 2020 690 den
2048 657 2157 710 nagt
2178 674 2194 698 2

704 708 847 758 Moet
885 709 1042 775 doling
1077 726 1133 757 en
1181 710 1355 776 bedrog
1381 725 1459 758 ten
1489 710 1636 759 onder
1667 727 1756 776 zyn
1805 711 2009 776 gebragt.

563 840 609 873 2.
641 818 780 868 Door
819 817 875 865 de
924 814 1474 875 MENSCHELYKHEYD,
1527 817 1604 867 het
1649 820 1807 868 zelven
1845 819 2024 869 doende
2072 836 2156 870 aen
2202 819 2257 869 de

667 886 1029 937 WfREEDHEYD
1051 917 1066 942 ,
1114 888 1343 937 voerende
1375 888 1487 937 deze
1519 886 1698 938 Versen
1749 907 1763 938 ε

731 975 991 1025 Barbariem
1020 977 1177 1037 sedare
1220 977 1332 1027 decet
1360 1011 1374 1035 ‚
1404 990 1667 1045 properante
1701 977 2020 1028 RUMOLDO:

816 1045 992 1094 Pavore
1026 1047 1278 1111 mansuetos
1319 1049 1483 1113 Praesul
1512 1047 1580 1097 hic
1621 1048 1697 1111 effe
1729 1048 1859 1097 docet.

747 1136 829 1186 De
856 1136 1081 1203 wildheyd
1114 1155 1202 1186 was
1237 1156 1297 1187 nu
1323 1140 1407 1188 wel
1448 1156 1534 1188 van
1563 1140 1700 1194 kant,

819 1203 962 1254 Maer
994 1206 1210 1255 daer·me'
1257 1209 1380 1255 vond
1409 1224 1513 1258 men
1543 1225 1637 1273 nog
1670 1223 1786 1273 geen
1822 1205 2095 1261 menschen,

751 1272 847 1323 Die
879 1290 968 1321 zoo
1000 1276 1286 1340 gebruykten
1317 1275 1407 1324 hun
1445 1275 1648 1326 verstand
1668 1309 1686 1331 ‚

799 1339 958 1402 Gelyk
993 1360 1096 1391 men
1129 1343 1206 1392 het
1239 1344 1380 1393 moest
1412 1343 1669 1393 wenschen.

753 1406 842 1456 Dit
895 1412 1018 1458 werk
1058 1429 1148 1459 zoo
1191 1428 1326 1478 groot
1359 1430 1416 1461 en
1448 1430 1538 1462 zoo
1578 1415 1755 1478 betragt

754 1474 899 1524 Wsird
947 1477 1069 1527 haest
1114 1481 1229 1528 door
1259 1480 1534 1529 ROMBAUT
1579 1480 1747 1543 gansch
1780 1479 2003 1543 volbragt.

590 1566 791 1634 *Agter
853 1568 964 1616 deze
1027 1572 1198 1636 voIgen
1252 1569 1308 1617 de
1388 1566 1631 1618 cardinale
1692 1566 1927 1635 Deugden
1995 1582 2088 1617 met
2158 1568 2265 1620 hare.
2331 1619 2333 1624 ,

570 1631 971 1701 Eygendommen.

869 1727 985 1778 DE
1055 1727 1952 1780 VOORZIGTIGHEYD.

675 1817 984 1872 Testimonium
1029 1820 1203 1868 veritati
1234 1853 1247 1875 a
1274 1836 1362 1868 non
1399 1820 1597 1868 amicitiae
1627 1819 1783 1868 reddit.
1885 1819 2122 1870 AUGUST-

675 1907 753 1972 Zy
789 1906 911 1974 geeft
943 1912 1212 1978 getuygenis
1256 1913 1350 1960 niet
1380 1912 1568 1979 volgens
1611 1911 1668 1961 de
1694 1910 2084 1980 Zinnelykheyd,
2112 1930 2233 1963 maer

686 1978 874 2043 volgens
909 1979 965 2027 de
1008 1978 1300 2045 Waerheyd.
2067 2029 2069 2031 ,

819 2078 932 2128 DE
1022 2078 1964 2132 REGTVEIRDIGHEYD.

753 2165 928 2226 Iustitia
971 2168 1106 2216 elevat
1144 2168 1340 2216 Gentem.
1614 2237 1624 2248 ἦ
1674 2166 1841 2215 PROV.
1881 2182 1960 2229 14.»

721 2251 801 2302 De
838 2252 1270 2322 Regtveirdigheyd
1317 2255 1491 2306 verheft
1527 2254 1605 2305 het
1638 2255 1760 2305 volk.

939 2346 1073 2396 DE
1137 2347 1859 2400 KLOEKHEYD.

747 2436 901 2484 Fortia
955 2437 1163 2503 surgunt.
1635 2436 1792 2488 VIRG.

750 2530 848 2581 Dat
893 2531 1034 2583 kloek
1066 2534 1134 2590 is,
1173 2533 1302 2584 komt
1335 2552 1411 2602 op.
